<record><leader>00000cas a2200000 i 4500</leader><controlfield tag="001">971624688</controlfield><controlfield tag="008">170208c18849999nduwr neo     0   a0eng  </controlfield><datafield ind1=" " ind2=" " tag="010"><subfield code="a">  2017218560</subfield></datafield><datafield ind1=" " ind2=" " tag="040"><subfield code="a">DLC</subfield><subfield code="b">eng</subfield><subfield code="e">rda</subfield><subfield code="c">DLC</subfield><subfield code="d">OCLCF</subfield></datafield><datafield ind1="0" ind2=" " tag="022"><subfield code="a">2475-9791</subfield><subfield code="2">1</subfield></datafield><datafield ind1=" " ind2=" " tag="042"><subfield code="a">pcc</subfield><subfield code="a">nsdp</subfield></datafield><datafield ind1=" " ind2=" " tag="043"><subfield code="a">n-us-nd</subfield></datafield><datafield ind1="1" ind2="0" tag="050"><subfield code="a">ISSN RECORD</subfield></datafield><datafield ind1="1" ind2="0" tag="082"><subfield code="a">071</subfield><subfield code="2">23</subfield></datafield><datafield ind1=" " ind2="0" tag="222"><subfield code="a">Emmons County record (Online)</subfield></datafield><datafield ind1="0" ind2="0" tag="245"><subfield code="a">Emmons County record.</subfield></datafield><datafield ind1=" " ind2="1" tag="264"><subfield code="a">Williamsport, D.T. [N.D.] :</subfield><subfield code="b">D. R. Streeter,</subfield><subfield code="c">1884-</subfield></datafield><datafield ind1=" " ind2=" " tag="300"><subfield code="a">1 online resource</subfield></datafield><datafield ind1=" " ind2=" " tag="310"><subfield code="a">Weekly</subfield></datafield><datafield ind1=" " ind2=" " tag="336"><subfield code="a">text</subfield><subfield code="b">txt</subfield><subfield code="2">rdacontent</subfield></datafield><datafield ind1=" " ind2=" " tag="337"><subfield code="a">computer</subfield><subfield code="b">c</subfield><subfield code="2">rdamedia</subfield></datafield><datafield ind1=" " ind2=" " tag="338"><subfield code="a">online resource</subfield><subfield code="b">cr</subfield><subfield code="2">rdacarrier</subfield></datafield><datafield ind1="1" ind2=" " tag="362"><subfield code="a">Began with vol. 1, no. 1 (June 10, 1884).</subfield></datafield><datafield ind1=" " ind2=" " tag="500"><subfield code="a">Place of publication varies: Williamsport, N.D., June 10, 1884-Feb. 17, 1899; Linton, N.D., Feb. 24, 1899-</subfield></datafield><datafield ind1=" " ind2=" " tag="500"><subfield code="a">"Official newspaper of Emmons County and the City of Linton."</subfield></datafield><datafield ind1=" " ind2=" " tag="500"><subfield code="a">Special "Emmons County Centennial" issue published: Sept. 14, 1903.</subfield></datafield><datafield ind1=" " ind2=" " tag="530"><subfield code="a">Available on microfilm from the State Historical Society of North Dakota.</subfield></datafield><datafield ind1=" " ind2=" " tag="588"><subfield code="a">Description based on: Vol. 1, no. 1 (June 10, 1884); title from masthead (Chroniclingamerica.loc.gov, viewed February 8, 2017).</subfield></datafield><datafield ind1=" " ind2=" " tag="588"><subfield code="a">Latest issue consulted: 39th year, number 38 (December 28, 1922) (Chroniclingamerica.loc.gov, viewed February 8, 2017).</subfield></datafield><datafield ind1=" " ind2="0" tag="651"><subfield code="a">Williamsport (N.D.)</subfield><subfield code="v">Newspaper.</subfield></datafield><datafield ind1=" " ind2="7" tag="651"><subfield code="a">North Dakota</subfield><subfield code="z">Williamsport.</subfield><subfield code="2">fast</subfield><subfield code="0">(OCoLC)fst01283074</subfield></datafield><datafield ind1=" " ind2=" " tag="752"><subfield code="a">United States</subfield><subfield code="b">North Dakota</subfield><subfield code="c">Emmons</subfield><subfield code="d">Linton.</subfield></datafield><datafield ind1=" " ind2=" " tag="752"><subfield code="a">United States</subfield><subfield code="b">North Dakota</subfield><subfield code="c">Emmons</subfield><subfield code="d">Williamsport.</subfield></datafield><datafield ind1="0" ind2="8" tag="776"><subfield code="i">Originally issued in print:</subfield><subfield code="t">Emmons County record</subfield><subfield code="x">2475-9783</subfield><subfield code="w">(DLC)sn 87096040</subfield><subfield code="w">(OCoLC)1567833</subfield></datafield><datafield ind1="0" ind2="5" tag="780"><subfield code="t">Emmons County free press (Linton, N.D. : 1927)</subfield></datafield><datafield ind1="0" ind2="5" tag="780"><subfield code="t">Hazelton independent</subfield></datafield><datafield ind1="4" ind2="0" tag="856"><subfield code="u">http://www.loc.gov/chroniclingamerica/lccn/sn87096040/issues</subfield></datafield></record>